

@book{sabine1922collected,
  title={Collected Papers on Acoustics},
  author={Wallace Clement Sabine},
  year={1922},
  publisher={Harvard University Press}
}


@misc{StackOverflow,
title = {User solutions for certain problems},
howpublished = "\url{http://stackoverflow.com/}"}

@misc{how2html,
title = {HTML basics},
howpublished = "\url{http://how2html.pl/}"}

@misc{schoolNODEJS,
title = {Node.js tutorials},
howpublished = "\url{https://www.w3schools.com/nodejs/}"}

@misc{schoolHTML,
title = {Node.js tutorials},
howpublished = "\url{https://www.w3schools.com/nodejs/}"}

@misc{schoolJS,
title = {Node.js tutorials},
howpublished = "\url{https://www.w3schools.com/nodejs/}"}

@misc{schoolBOOTSTRAP,
title = {Node.js tutorials},
howpublished = "\url{https://www.w3schools.com/nodejs/}"}

@misc{Devjs,
title = {Node.js basics},
howpublished = "\url{http://devjs.eu/pl/blog-pl/java-script-pl/nodejs-podstawy/}"}


@misc{Sequelize,
title = {Sequelize tutorials and documentation},
howpublished = "\url{https://sequelize.org/master/index.html}"}

@misc{Charts,
title = {Charts documentation and examples},
howpublished = "\url{https://www.chartjs.org/}"}

@misc{Bootstrap,
title = {Bootstrap documentation and examples},
howpublished = "\url{https://getbootstrap.com/docs/4.4/getting-started/introduction/}"}
